 @book{salganik_2019,
  place     = {Princeton, New York},
  title     = {Bit by bit: Social research in the Digital age},
  publisher = {Princeton University Press},
  author    = {Salganik, Matthew J.},
  year      = {2019}
} 

 @article{social_cap,
  title  = {Social Capital I: Measurement and associations with economic mobility},
  doi    = {10.3386/w30313},
  author = {Chetty, Raj and Jackson, Matthew and Kuchler, Theresa and Stroebel, Johannes and Hendren, Nathaniel and Fluegge, Robert and Gong, Sara and González, Federico and Grondin, Armelle and Jacob, Matthew and et al.},
  year   = {2022}
} 

 @article{hiring_disc,
  title   = {Monitoring hiring discrimination through online recruitment platforms},
  volume  = {589},
  doi     = {10.1038/s41586-020-03136-0},
  number  = {7843},
  journal = {Nature},
  author  = {Hangartner, Dominik and Kopp, Daniel and Siegenthaler, Michael},
  year    = {2021},
  pages   = {572–576}
} 
 @article{machine_pred,
  title  = {Human decisions and machine predictions},
  doi    = {10.3386/w23180},
  author = {Kleinberg, Jon and Lakkaraju, Himabindu and Leskovec, Jure and Ludwig, Jens and Mullainathan, Sendhil},
  year   = {2017}
} 
 @article{racial_speech,
  title   = {Racial disparities in automated speech recognition},
  volume  = {117},
  doi     = {10.1073/pnas.1915768117},
  number  = {14},
  journal = {Proceedings of the National Academy of Sciences},
  author  = {Koenecke, Allison and Nam, Andrew and Lake, Emily and Nudell, Joe and Quartey, Minnie and Mengesha, Zion and Toups, Connor and Rickford, John R. and Jurafsky, Dan and Goel, Sharad and et al.},
  year    = {2020},
  pages   = {7684–7689}
} 

 @article{emot_cont,
  title   = {Experimental evidence of massive-scale emotional contagion through social networks},
  volume  = {111},
  doi     = {10.1073/pnas.1320040111},
  number  = {24},
  journal = {Proceedings of the National Academy of Sciences},
  author  = {Kramer, Adam D. and Guillory, Jamie E. and Hancock, Jeffrey T.},
  year    = {2014},
  pages   = {8788–8790}
} 
 @article{tagging_banksy,
  title   = {Tagging banksy: Using geographic profiling to investigate a modern art mystery},
  volume  = {61},
  doi     = {10.1080/14498596.2016.1138246},
  number  = {1},
  journal = {Journal of Spatial Science},
  author  = {Hauge, Michelle V. and Stevenson, Mark D. and Rossmo, D. Kim and Le Comber, Steven C.},
  year    = {2016},
  pages   = {185–190}
} 
